<?xml version="1.0" encoding="UTF-8"?><collection xmlns="http://www.loc.gov/MARC21/slim"><record><leader>00346nam--2200133-i-4500</leader><controlfield tag="001">000047197</controlfield><controlfield tag="002">20161230</controlfield><controlfield tag="005">20161230201046</controlfield><controlfield tag="008">060222s1000------------r-----000-0-eng-d</controlfield><datafield ind1=" " ind2=" " tag="080"><subfield code="a">621.38:621.039</subfield></datafield><datafield ind1=" " ind2=" " tag="100"><subfield code="a">Weinzierl, P.Und Drosg, M</subfield></datafield><datafield ind1=" " ind2=" " tag="245"><subfield code="a">Lehrbuch der nuklear-elektronik</subfield></datafield><datafield ind1=" " ind2=" " tag="260"><subfield code="a">Wien, Springer-verlag, 1970, Xii+508p</subfield></datafield><datafield ind1=" " ind2=" " tag="852"><subfield code="a">35867</subfield></datafield></record></collection>